%%%%%%%%%%%%%%%%%%%%%%%%%%%%%%%%%%%%%%%%%%%%%%%%%%%%%%%%%%%%%%%%%%%%%%%%%%%%%%%%
%%%%%%%%%%%%%%%%%%%% INSERINDO COMENTÁRIOS EM ARQUIVOS .bib %%%%%%%%%%%%%%%%%%%%
%%%%%%%%%%%%%%%%%%%%%%%%%%%%%%%%%%%%%%%%%%%%%%%%%%%%%%%%%%%%%%%%%%%%%%%%%%%%%%%%
%
% 1. Como em outros arquivos LaTeX, comentários são iniciados por "%" e,
%    portanto, é preciso usar "\%" para imprimir o caractere "%". Esquecer
%    disso pode gerar erros difíceis de encontrar!
%
% 2. Não é possível inserir comentários dentro de uma entrada, apenas fora.
%
% 3. Não é possível incluir o caractere arroba em um comentário.
%
% 4. Se quiser desabilitar temporariamente um campo ("comentar" o campo),
%    troque seu nome para algum nome inválido, como "author-disable".
%    Se quiser fazer alguma observação permanente dentro de uma entrada,
%    você também pode usar algum nome de campo inválido, como "lembrete",
%    ou usar o campo "annotation", que normalmente é ignorado.
%
% 5. Se quiser desabilitar temporariamente uma entrada inteira ("comentar" a
%    entrada), não basta colocar "%" nas linhas correspondentes por causa do
%    caractere arroba; também é preciso remover a arroba.
%
% 6. Na verdade, as regras não são bem essas, mas segui-las é uma boa ideia:
%    https://tex.stackexchange.com/a/262282
%
% Por exemplo, esta entrada está comentada, ou seja, não tem efeito: se
% houvesse uma referência a ela no texto, a referência ficaria inválida.
% Observe que, para isso, o caractere arroba foi apagado!
%
%Book{JW82,
% author    = {Richard A. Johnson and Dean W. Wichern},
% title     = {Applied Multivariate Statistical Analysis},
% publisher = {Prentice-Hall},
% year      = {1983}
%}


%%%%%%%%%%%%%%%%%%%%%%%%%%%%%%%%%%%%%%%%%%%%%%%%%%%%%%%%%%%%%%%%%%%%%%%%%%%%%%%%
%%%%%%%%%%%%%%%%%%%%%%%%%%%%%%% O CAMPO "MONTH" %%%%%%%%%%%%%%%%%%%%%%%%%%%%%%%%
%%%%%%%%%%%%%%%%%%%%%%%%%%%%%%%%%%%%%%%%%%%%%%%%%%%%%%%%%%%%%%%%%%%%%%%%%%%%%%%%
%
% biblatex prefere o uso do campo "date" para definir ano, mês etc. No
% entanto, se você quiser garantir compatibilidade tanto com biblatex
% quanto com bibtex, use os campos "year" e "month". Ambos reconhecem
% diversos formatos para o campo "month", mas apenas um funciona
% corretamente com os dois: o nome do mês em inglês, abreviado com três
% letras minúsculas e sem chaves, ou seja:
%
% ...
% author = {Somebody},
% year = {2011},
% month = oct,
% title = {Some title},
% ...

@inbook{ AM1981,
  author    = {Alchourr{\'o}n, Carlos E. and Makinson, David},
  title     = {Hierarchies of Regulations and their Logic},
  bookTitle = {New Studies in Deontic Logic: Norms, Actions, and the Foundations of Ethics},
  editor    = {Hilpinen, Risto},
  publisher = {Springer Netherlands},
  address   = {Dordrecht},
  pages     = {125--148},
  abstract  = {We study some of the ways in which the imposition of a partial ordering on a code of laws or regulations can serve to overcome logical imperfections in the code itself. In particular, we first show how partial orderings of a code, and derivative orderings of its power set, may be used to confer uniqueness upon otherwise indefinite derogations by ranking remainders; and second, we show how such orderings may be used to resolve contradictions implicit in a code by a process which we shall call delivery. Finally, we investigate the relations between derogation and delivery, showing that although the two processes appear and are generally assumed to be quite different from each other, nevertheless for finite inconsistent codes, the composite process of derogating and then selecting a remainder turns out to be equipowerful with delivery. For consistent codes, where delivery reduces to its underlying consequence operation and so is of no special interest, the correspondence is with a more general process of `relative delivery'. Sections 2 and 3, on derogation and the resolution of contradictions respectively, are written so that they may be read in either order. Section 4, on the relations between the two, depends on both. The study is carried out mathematically, and the reader is assumed to be familiar with elementary properties of partial orderings and consequence operations. Throughout, however, attention is also given to the realities of juridical practice.},
  year      = {1981},
  isbn      = {978-94-009-8484-4},
  doi       = {10.1007/978-94-009-8484-4_5},
  url       = {https://doi.org/10.1007/978-94-009-8484-4_5}
}

@article{ AM1982,
  author    = {Alchourr{\'o}n, Carlos E. and Makinson, David},
  title     = {On the logic of theory change: Contraction functions and their associated revision functions},
  journal   = {Theoria},
  publisher = {Wiley},
  volume    = {48},
  ISSN      = {1755-2567},
  number    = {1},
  pages     = {14--37},
  month     = apr,
  year      = {1982},
  doi       = {10.1111/j.1755-2567.1982.tb00480.x},
  url       = {http://dx.doi.org/10.1111/j.1755-2567.1982.tb00480.x},
}

@article{ AGM1985, 
  author  = {Alchourrón, Carlos E. and Gärdenfors, Peter and Makinson, David}, 
  title   = {On the logic of theory change: Partial meet contraction and revision functions}, 
  journal = {Journal of Symbolic Logic}, 
  volume  = {50}, 
  number  = {2}, 
  pages   = {510--530},
  year    = {1985},
  doi     = {10.2307/2274239}
}

@inproceedings{ Baader-CADE2021,
  author    = {Franz {Baader} and Patrick {Koopmann} and Francesco {Kriegel} and Adrian {Nuradiansyah}},
  title     = {{Computing Optimal Repairs of Quantified ABoxes w.r.t. Static $\mathcal{E\!L}$ TBoxes}},
  booktitle = {Proceedings of the 28th International Conference on Automated Deduction (CADE-28), July 11--16, 2021, Virtual Event, United States},
  editor    = {Andr{\'e} {Platzer} and Geoff {Sutcliffe}},
  pages     = {309--326},
  series    = {Lecture Notes in Computer Science},
  volume    = {12699},
  year      = {2021},
  doi       = {https://doi.org/10.1007/978-3-030-79876-5_18}
}

@inproceedings{ Baader-ESWC2022,
  author    = {Baader, Franz and Koopmann, Patrick and Kriegel, Francesco and Nuradiansyah, Adrian},
  title     = {Optimal ABox Repair w.r.t. Static $\mathcal{E\!L}$ TBoxes: From Quantified ABoxes Back to ABoxes},
  booktitle = {The Semantic Web},
  editor    = {Groth, Paul and Vidal, Maria-Esther and Suchanek, Fabian and Szekley, Pedro and Kapanipathi, Pavan and Pesquita, Catia and Skaf-Molli, Hala and Tamper, Minna},
  publisher = {Springer International Publishing},
  address   = {Cham},
  pages     = {130--146},
  abstract  = {Errors in Description Logic (DL) ontologies are often detected when a reasoner computes unwanted consequences. The question is then how to repair the ontology such that the unwanted consequences no longer follow, but as many of the other consequences as possible are preserved. The problem of computing such optimal repairs was addressed in our previous work in the setting where the data (expressed by an ABox) may contain errors, but the schema (expressed by an $\mathcal{E\!L}$ TBox) is assumed to be correct. Actually, we consider a generalization of ABoxes called quantified ABoxes (qABoxes) both as input for and as result of the repair process. Using qABoxes for repair allows us to retain more information, but the disadvantage is that standard DL systems do not accept qABoxes as input. This raises the question, investigated in the present paper, whether and how one can obtain optimal repairs if one restricts the output of the repair process to being ABoxes. In general, such optimal ABox repairs need not exist. Our main contribution is that we show how to decide the existence of optimal ABox repairs in exponential time, and how to compute all such repairs in case they exist.},
  year      = {2022},
  isbn      = {978-3-031-06981-9}
}

@inproceedings{ Baader-JELIA23,
  author    = {Baader, Franz and Koopmann, Patrick and Kriegel, Francesco},
  title     = {Optimal Repairs in the Description Logic $\mathcal{E\!L}$ Revisited},
  booktitle = {Logics in Artificial Intelligence},
  editor    = {Gaggl, Sarah and Martinez, Maria Vanina and Ortiz, Magdalena},
  publisher = {Springer Nature Switzerland},
  address   = {Cham},
  pages     = {11--34},
  abstract  = {Ontologies based on Description Logics may contain errors, which are usually detected when reasoning produces consequences that follow from the ontology, but do not hold in the modelled application domain. In previous work, we have introduced repair approaches for {\$}{\$}{\backslash}mathcal{\{}E{\}}{\backslash}mathcal{\{}L{\}}{\$}{\$}ELontologies that are optimal in the sense that they preserve a maximal amount of consequences. In this paper, we will, on the one hand, review these approaches, but with an emphasis on motivation rather than on technical details. On the other hand, we will describe new results that address the problems that optimal repairs may become very large or need not even exist unless strong restrictions on the terminological part of the ontology apply. We will show how one can deal with these problems by introducing concise representations of optimal repairs.},
  year      = {2023},
  isbn      = {978-3-031-43619-2}
}

@article{ Hansson1993,
  author    = {Hansson, Sven Ove},
  title     = {Reversing the Levi identity},
  journal   = {Journal of Philosophical Logic},
  publisher = {Springer Science and Business Media LLC},
  volume    = {22},
  ISSN      = {1573-0433},
  number    = {6},
  pages     = {637--669},
  month     = dec,
  year      = {1993},
  doi       = {10.1007/bf01054039},
  url       = {http://dx.doi.org/10.1007/BF01054039},
}

@incollection{ Hansson2022,
	author       =	{Hansson, Sven Ove},
	title        =	{{Logic of Belief Revision}},
	booktitle    =	{The {Stanford} Encyclopedia of Philosophy},
	publisher    =	{Metaphysics Research Lab, Stanford University},
	editor       =	{Edward N. Zalta},
	edition      =	{{S}pring 2022},
	year         =	{2022},
	howpublished =	{\url{https://plato.stanford.edu/archives/spr2022/entries/logic-belief-revision/}}
}

@masterthesis{ Matos2021,
  author = {Matos, Vinícius Bitencourt},
  title  = {Pseudo-contraction operations for description logics},
  school = {Universidade de São Paulo, Agência USP de Gestão da Informação Acadêmica (AGUIA)},
  url    = {http://dx.doi.org/10.11606/D.45.2021.tde-02092021-131750},
  year   = {2021},
  doi    = {10.11606/d.45.2021.tde-02092021-131750},
}

@incollection{ Peppas2008,
  author    = {Peppas, Pavlos},
  title     = {Chapter 8 - Belief Revision},
  booktitle = {Handbook of Knowledge Representation},
  publisher = {Elsevier},
  pages     = {317--360},
  series    = {Foundations of artificial intelligence},
  year      = {2008}
}

@phdthesis{ Ribeiro2010,
  author = {Ribeiro, Marcio Moretto},
  title  = {Revisão de crenças em lógicas de descrição e em outras lógicas não clássicas},
  school = {Universidade de São Paulo, Agência USP de Gestão da Informação Acadêmica (AGUIA)},
  url    = {http://dx.doi.org/10.11606/T.45.2010.tde-16112010-155644},
  year   = {2010},
  doi    = {10.11606/t.45.2010.tde-16112010-155644}
}

@book{ Wassermann2000,
  author    = {Wassermann, Renata},
  title     = {Resource-Bounded Belief Revision},
  publisher = {ILLC Dissertation Series 2000-01},
  school    = {Universiteit van Amsterdam},
  year      = {1998},
  isbn      = {90-5776-040-1}
}

%%%%%%%%%%%%%%%%%%%%%%%%%%%%%%%%%%%%%%%%%%%%%%%%%%%%%%%%%%%%%%%%%%%%%%%%%%%%%%%%

% Esta entrada não está em uso em tese.tex, apenas em
% apresentacao.tex, mas isso não é um problema: você pode
% ter um banco de dados com todos os papers que são de seu
% interesse e, em um dado texto, citar apenas alguns deles.
@Manual{CORBA:spec,
 title       = {{CORBA} v3.0 Specification},
 author      = {{Object Management Group}},
 shortauthor = {OMG},
 month       = jul,
 year        = {2002},
 note        = {OMG Document 02-06-33}
}

@Book{eco:09,
 author   = {Umberto Eco},
 title    = {Como se Faz uma Tese},
 edition  = 22,
 publisher= {Perspectiva},
 note     = {Tradução Gilson Cesar Cardoso de Souza},
 year     = {2009},
}

@Book{zobel:04,
 author   = {Justin Zobel},
 title    = {Writing for Computer Science: The Art of Effective Communication},
 publisher= {Springer},
 edition  = 2,
 year     = {2004},
}

@Book{waz:09,
 author   = {Raul S. Wazlawick},
 title    = {Metodologia de Pesquisa em Ciência da Computação},
 publisher= {Campus},
 edition  = 1,
 year     = {2009},
}

@Book{Higham:98,
 author   = {Nicholas J. Higham},
 title    = {Handbook of Writing for the Mathematical Sciences},
 edition  = 2,
 publisher= {SIAM: Society for Industrial and Applied Mathematics},
 month    = aug,
 year     = {1998},
}

@book{Knuth:96,
 author   = {Donald E. Knuth and Tracy Larrabee and Paul M. Roberts},
 title    = {Mathematical Writing},
 publisher= {The Mathematical Association of America},
 month    = sep,
 year     = {1996}
}

@InProceedings{alves03:simi,
 author   = {Carlos E. R. Alves and Edson N. Cáceres and Frank Dehne and Siang W. Song},
 title    = {A Parallel Wavefront Algorithm for Efficient Biological Sequence Comparison},
 booktitle= {ICCSA'03: The 2003 International Conference on Computational Science and its Applications},
 year     = {2003},
 pages    = {249-258},
 month    = may,
 publisher= {Springer-Verlag}
}

@Article{MenaChalco08,
 author   = {Jesús P. Mena-Chalco and Helaine Carrer and Yossi Zana and Roberto M. Cesar-Jr.},
 title    = {Identification of Protein Coding Regions Using the Modified {G}abor-Wavelet Transform},
 journal  = {IEEE/ACM Transactions on Computational Biology and Bioinformatics},
 volume   = {5},
 pages    = {198-207},
 year     = {2008},
}

@Article{floats2014,
 author    = {Frank Mittelbach},
 title     = {How to influence the position of float environments like figure and table in {\LaTeX}?},
 journal   = {{TUGboat}},
 journalsubtitle = {Communications of the \TeX\ Users Group},
 volume    = {35},
 number    = {3},
 year      = 2014,
 url       = {tug.org/TUGboat/tb35-3/tb111mitt-float.pdf},
 urldate   = {2020-01-09},
 publisher = {\TeX\ {Users} {Group}},
 address   = {Portland ({OR}), {USA}},
}

@Techreport{alvisi99:analysisCIC,
 author      = {Lorenzo Alvisi and Elmootazbellah Elnozahy and Sriram S. Rao and Syed A. Husain and Asanka Del Mel},
 title       = {An Analysis of Comunication-Induced Checkpointing},
 institution = {Department of Computer Science, University of Texas at Austin},
 year        = {1999},
 number      = {TR-99-01},
 address     = {Austin, USA}
}

@Misc{gridftp,
 author   = {William Allcock},
 title    = {{GridFTP} Protocol Specification. {Global Grid Forum} Recommendation ({GFD}.20)},
 year     = {2003}
}

% A entrada "year" eh usada por bibtex;
% biblatex pode usar "year" ou "date"
@Manual{natbib,
 title       = "Reference sheet for \texttt{natbib} usage",
 author      = "Patrick W. Daly",
 year        = {2010},
 date        = {2010-09-13},
 urldate     = {2018-12-20},
 url         = {mirrors.ctan.org/macros/latex/contrib/natbib/natnotes.pdf},
}

@Manual{biblatex,
 title       = "The \texttt{biblatex} Package",
 author      = "Philipp Lehman and Philip Kime and Moritz Wemheuer and Audrey Boruvka and Joseph Wright",
 year        = 2018,
 date        = {2018-10-30},
 urldate     = {2018-12-20},
 url         = {mirrors.ctan.org/macros/latex/contrib/biblatex/doc/biblatex.pdf},
}

@PhdThesis{garcia01:PhD,
 author   = {Islene C. Garcia},
 title    = {Visões Progressivas de Computações Distribuídas},
 school   = {Instituto de Computação, Universidade de Campinas},
 address  = {Campinas, Brasil},
 year     = {2001},
 month    = dec
}

@Conference{bronevetsky02,
 author     = {Greg Bronevetsky and Daniel Marques and Keshav Pingali and Paul Stodghill},
 title      = {Automated Application-Level Checkpointing of {MPI} Programs},
 booktitle  = {PPoPP'03: Proceedings of the 9th ACM SIGPLAN Symposium on Principles and Practice of Parallel Programming},
 year       = {2003},
 pages      = {84-89},
 eventdate  = {2003-06-11/2003-06-13},
 venue      = {San Diego, California}
}

@InCollection{bobaoglu93:concepts,
 author   = {Ozalp Babaoglu and Keith Marzullo},
 title    = {Consistent Global States of Distributed Systems: Fundamental Concepts and Mechanisms},
 editor   = {Sape Mullender},
 booktitle= {Distributed Systems},
 edition  = 2,
 year     = {1993},
 pages    = {55-96}
}

@MastersThesis{schmidt03:MSc,
 author   = {Rodrigo M. Schmidt},
 title    = {Coleta de Lixo para Protocolos de \emph{Checkpointing}},
 school   = {Instituto de Computação, Universidade de Campinas},
 address  = {Campinas, Brasil},
 year     = {2003},
 month    = oct
}

@online{fowler04:designDead,
 author   = {Martin Fowler},
 title    = {Is Design Dead?},
 year     = {2004},
 month    = may,
 urldate  = {2010-01-30},
 url      = {martinfowler.com/articles/designDead.html},
}

@online{FSF:GNU-GPL,
 author      = {{Free Software Foundation}},
 shortauthor = {FSF},
 title       = {{GNU} General Public License},
 year        = 2007,
 urldate     = {2010-01-30},
 url         = {www.gnu.org/copyleft/gpl.html},
}

@article{alon09:how,
 author   = {Uri Alon},
 title    = {How To Choose a Good Scientific Problem},
 journal  = {Molecular Cell},
 year     = {2009},
 volume   = {35},
 number   = {6},
 pages    = {726--728},
 publisher= {Cell Press},
 month    = sep,
 doi      = {10.1016/j.molcel.2009.09.013},
}

@book{tufte01:visualDisplay,
 author   = {Edward Tufte},
 title    = {The Visual Display of Quantitative Information},
 year     = {2001},
 edition  = 2,
 publisher= {Graphics Press},
 month    = may,
}

@Manual{usp:guidelines,
 author      = {{Universidade de São Paulo --- Sistema Integrado de Bibliotecas}},
 shortauthor = {SIBiUSP},
 title       = {Diretrizes para Apresentação de
	        Dissertações e Teses da {USP}:
	        Documento Eletrônico e Impresso},
 year        = 2009,
 url         = {www.teses.usp.br/index.php?option=com_content&view=article&id=52&Itemid=67},
 urldate     = {2017-11-10},
}

@online{carlis:09,
 author  = {John V. Carlis},
 title   = {Design: The Key to Writing
            (and Advising) a One-Draft {Ph.D} Dissertation},
 year    = 2009,
 url     = {www-users.cs.umn.edu/~carlis/one-draft.pdf},
 urldate = {2017-11-10},
}

@book{craftresearch,
 author    = {Wayne C. Booth and Gregory G. Colomb and Joseph M. Williams},
 title     = {The Craft of Research},
 publisher = {The University of Chicago Press},
 year      = 2008,
}

@book{dissertjourney,
 author    = {Carol M. Roberts},
 title     = {The Dissertation Journey},
 publisher = {Corwin},
 year      = 2010,
 edition   = 2,
 location  = {Thousand Oaks, CA},
}

@manual{sbctemplate,
 author  = {Luciana P. Nedel and Rafael H. Bordini and Flávio Rech Wagner and Jomi F. H\"{u}bner},
 title   = {Instructions for Authors of {SBC} Conferences Papers and Abstracts},
 year    = 2017,
 url     = {www.sbc.org.br/documentos-da-sbc/category/169-templates-para-artigos-e-capitulos-de-livros},
 urldate = {2018-12-13},
}
